%YAML 1.1
%TAG !u! tag:unity3d.com,2011:
--- !u!29 &1
SceneSettings:
  m_ObjectHideFlags: 0
  m_PVSData: 
  m_PVSObjectsArray: []
  m_PVSPortalsArray: []
  m_OcclusionBakeSettings:
    smallestOccluder: 5
    smallestHole: .25
    backfaceThreshold: 100
--- !u!104 &2
RenderSettings:
  m_Fog: 0
  m_FogColor: {r: .5, g: .5, b: .5, a: 1}
  m_FogMode: 3
  m_FogDensity: .00999999978
  m_LinearFogStart: 0
  m_LinearFogEnd: 300
  m_AmbientLight: {r: .200000003, g: .200000003, b: .200000003, a: 1}
  m_SkyboxMaterial: {fileID: 0}
  m_HaloStrength: .5
  m_FlareStrength: 1
  m_FlareFadeSpeed: 3
  m_HaloTexture: {fileID: 0}
  m_SpotCookie: {fileID: 0}
  m_ObjectHideFlags: 0
--- !u!127 &3
LevelGameManager:
  m_ObjectHideFlags: 0
--- !u!157 &4
LightmapSettings:
  m_ObjectHideFlags: 0
  m_LightProbes: {fileID: 0}
  m_Lightmaps: []
  m_LightmapsMode: 1
  m_BakedColorSpace: 0
  m_UseDualLightmapsInForward: 0
  m_LightmapEditorSettings:
    m_Resolution: 50
    m_LastUsedResolution: 0
    m_TextureWidth: 1024
    m_TextureHeight: 1024
    m_BounceBoost: 1
    m_BounceIntensity: 1
    m_SkyLightColor: {r: .860000014, g: .930000007, b: 1, a: 1}
    m_SkyLightIntensity: 0
    m_Quality: 0
    m_Bounces: 1
    m_FinalGatherRays: 1000
    m_FinalGatherContrastThreshold: .0500000007
    m_FinalGatherGradientThreshold: 0
    m_FinalGatherInterpolationPoints: 15
    m_AOAmount: 0
    m_AOMaxDistance: .100000001
    m_AOContrast: 1
    m_LODSurfaceMappingDistance: 1
    m_Padding: 0
    m_TextureCompression: 0
    m_LockAtlas: 0
--- !u!196 &5
NavMeshSettings:
  m_ObjectHideFlags: 0
  m_BuildSettings:
    agentRadius: .5
    agentHeight: 2
    agentSlope: 45
    agentClimb: .400000006
    ledgeDropHeight: 0
    maxJumpAcrossDistance: 0
    accuratePlacement: 0
    minRegionArea: 2
    widthInaccuracy: 16.666666
    heightInaccuracy: 10
  m_NavMesh: {fileID: 0}
--- !u!1001 &111970100
Prefab:
  m_ObjectHideFlags: 0
  serializedVersion: 2
  m_Modification:
    m_TransformParent: {fileID: 0}
    m_Modifications:
    - target: {fileID: 400000, guid: 3e1947c7363404b498a4d21737853b34, type: 2}
      propertyPath: m_LocalPosition.x
      value: 3.4539001
      objectReference: {fileID: 0}
    - target: {fileID: 400000, guid: 3e1947c7363404b498a4d21737853b34, type: 2}
      propertyPath: m_LocalPosition.y
      value: 1
      objectReference: {fileID: 0}
    - target: {fileID: 400000, guid: 3e1947c7363404b498a4d21737853b34, type: 2}
      propertyPath: m_LocalPosition.z
      value: 2.34109998
      objectReference: {fileID: 0}
    - target: {fileID: 400000, guid: 3e1947c7363404b498a4d21737853b34, type: 2}
      propertyPath: m_LocalRotation.x
      value: 0
      objectReference: {fileID: 0}
    - target: {fileID: 400000, guid: 3e1947c7363404b498a4d21737853b34, type: 2}
      propertyPath: m_LocalRotation.y
      value: 0
      objectReference: {fileID: 0}
    - target: {fileID: 400000, guid: 3e1947c7363404b498a4d21737853b34, type: 2}
      propertyPath: m_LocalRotation.z
      value: 0
      objectReference: {fileID: 0}
    - target: {fileID: 400000, guid: 3e1947c7363404b498a4d21737853b34, type: 2}
      propertyPath: m_LocalRotation.w
      value: 1
      objectReference: {fileID: 0}
    - target: {fileID: 400000, guid: 3e1947c7363404b498a4d21737853b34, type: 2}
      propertyPath: m_RootMapOrder
      value: 
      objectReference: {fileID: 0}
    - target: {fileID: 400000, guid: 3e1947c7363404b498a4d21737853b34, type: 2}
      propertyPath: m_RootOrder
      value: 12
      objectReference: {fileID: 0}
    m_RemovedComponents: []
    m_DeprecatedTransformRoot: {fileID: 0}
    m_DeprecatedTransformMap: {}
    m_DeprecatedTransformComplete: 1
  m_ParentPrefab: {fileID: 100100000, guid: 3e1947c7363404b498a4d21737853b34, type: 2}
  m_RootGameObject: {fileID: 1312076692}
  m_IsPrefabParent: 0
  m_IsExploded: 1
--- !u!1 &130732701
GameObject:
  m_ObjectHideFlags: 0
  m_PrefabParentObject: {fileID: 0}
  m_PrefabInternal: {fileID: 0}
  serializedVersion: 4
  m_Component:
  - 4: {fileID: 130732705}
  - 33: {fileID: 130732704}
  - 65: {fileID: 130732703}
  - 23: {fileID: 130732702}
  m_Layer: 0
  m_Name: Obstacle
  m_TagString: Untagged
  m_Icon: {fileID: 0}
  m_NavMeshLayer: 0
  m_StaticEditorFlags: 0
  m_IsActive: 1
--- !u!23 &130732702
Renderer:
  m_ObjectHideFlags: 0
  m_PrefabParentObject: {fileID: 0}
  m_PrefabInternal: {fileID: 0}
  m_GameObject: {fileID: 130732701}
  m_Enabled: 1
  m_CastShadows: 1
  m_ReceiveShadows: 1
  m_LightmapIndex: 255
  m_LightmapTilingOffset: {x: 1, y: 1, z: 0, w: 0}
  m_Materials:
  - {fileID: 2100000, guid: 294227920039fb54abe4895d649af5d9, type: 2}
  m_SubsetIndices: 
  m_StaticBatchRoot: {fileID: 0}
  m_UseLightProbes: 0
  m_LightProbeAnchor: {fileID: 0}
  m_ScaleInLightmap: 1
  m_SortingLayerID: 0
  m_SortingOrder: 0
--- !u!65 &130732703
BoxCollider:
  m_ObjectHideFlags: 0
  m_PrefabParentObject: {fileID: 0}
  m_PrefabInternal: {fileID: 0}
  m_GameObject: {fileID: 130732701}
  m_Material: {fileID: 0}
  m_IsTrigger: 0
  m_Enabled: 1
  serializedVersion: 2
  m_Size: {x: 1, y: 1, z: 1}
  m_Center: {x: 0, y: 0, z: 0}
--- !u!33 &130732704
MeshFilter:
  m_ObjectHideFlags: 0
  m_PrefabParentObject: {fileID: 0}
  m_PrefabInternal: {fileID: 0}
  m_GameObject: {fileID: 130732701}
  m_Mesh: {fileID: 10202, guid: 0000000000000000e000000000000000, type: 0}
--- !u!4 &130732705
Transform:
  m_ObjectHideFlags: 0
  m_PrefabParentObject: {fileID: 0}
  m_PrefabInternal: {fileID: 0}
  m_GameObject: {fileID: 130732701}
  m_LocalRotation: {x: 0, y: 0, z: 0, w: 1}
  m_LocalPosition: {x: 14.4169998, y: 2, z: 2.00309992}
  m_LocalScale: {x: 4, y: 4, z: 17.9895306}
  m_Children: []
  m_Father: {fileID: 0}
  m_RootOrder: 3
--- !u!1 &295317357
GameObject:
  m_ObjectHideFlags: 0
  m_PrefabParentObject: {fileID: 100000, guid: 3e1947c7363404b498a4d21737853b34, type: 2}
  m_PrefabInternal: {fileID: 566766194}
  serializedVersion: 4
  m_Component:
  - 4: {fileID: 295317362}
  - 33: {fileID: 295317361}
  - 136: {fileID: 295317360}
  - 23: {fileID: 295317359}
  - 114: {fileID: 295317358}
  - 54: {fileID: 295317363}
  m_Layer: 0
  m_Name: Barrel
  m_TagString: Untagged
  m_Icon: {fileID: 0}
  m_NavMeshLayer: 0
  m_StaticEditorFlags: 0
  m_IsActive: 1
--- !u!114 &295317358
MonoBehaviour:
  m_ObjectHideFlags: 0
  m_PrefabParentObject: {fileID: 11400000, guid: 3e1947c7363404b498a4d21737853b34,
    type: 2}
  m_PrefabInternal: {fileID: 566766194}
  m_GameObject: {fileID: 295317357}
  m_Enabled: 1
  m_EditorHideFlags: 0
  m_Script: {fileID: 11500000, guid: 74b0de9219071fd4b9fe058b0945b145, type: 3}
  m_Name: 
  m_EditorClassIdentifier: 
--- !u!23 &295317359
Renderer:
  m_ObjectHideFlags: 0
  m_PrefabParentObject: {fileID: 2300000, guid: 3e1947c7363404b498a4d21737853b34,
    type: 2}
  m_PrefabInternal: {fileID: 566766194}
  m_GameObject: {fileID: 295317357}
  m_Enabled: 1
  m_CastShadows: 1
  m_ReceiveShadows: 1
  m_LightmapIndex: 255
  m_LightmapTilingOffset: {x: 1, y: 1, z: 0, w: 0}
  m_Materials:
  - {fileID: 10302, guid: 0000000000000000f000000000000000, type: 0}
  m_SubsetIndices: 
  m_StaticBatchRoot: {fileID: 0}
  m_UseLightProbes: 0
  m_LightProbeAnchor: {fileID: 0}
  m_ScaleInLightmap: 1
  m_SortingLayerID: 0
  m_SortingOrder: 0
--- !u!136 &295317360
CapsuleCollider:
  m_ObjectHideFlags: 0
  m_PrefabParentObject: {fileID: 13600000, guid: 3e1947c7363404b498a4d21737853b34,
    type: 2}
  m_PrefabInternal: {fileID: 566766194}
  m_GameObject: {fileID: 295317357}
  m_Material: {fileID: 0}
  m_IsTrigger: 0
  m_Enabled: 1
  m_Radius: .5
  m_Height: 2
  m_Direction: 1
  m_Center: {x: 0, y: 0, z: 0}
--- !u!33 &295317361
MeshFilter:
  m_ObjectHideFlags: 0
  m_PrefabParentObject: {fileID: 3300000, guid: 3e1947c7363404b498a4d21737853b34,
    type: 2}
  m_PrefabInternal: {fileID: 566766194}
  m_GameObject: {fileID: 295317357}
  m_Mesh: {fileID: 10206, guid: 0000000000000000e000000000000000, type: 0}
--- !u!4 &295317362
Transform:
  m_ObjectHideFlags: 0
  m_PrefabParentObject: {fileID: 400000, guid: 3e1947c7363404b498a4d21737853b34, type: 2}
  m_PrefabInternal: {fileID: 566766194}
  m_GameObject: {fileID: 295317357}
  m_LocalRotation: {x: 0, y: 0, z: 0, w: 1}
  m_LocalPosition: {x: -2.32909989, y: 1, z: -3.12840009}
  m_LocalScale: {x: 1, y: 1, z: 1}
  m_Children: []
  m_Father: {fileID: 0}
  m_RootOrder: 10
--- !u!54 &295317363
Rigidbody:
  m_ObjectHideFlags: 0
  m_PrefabParentObject: {fileID: 5400000, guid: 3e1947c7363404b498a4d21737853b34,
    type: 2}
  m_PrefabInternal: {fileID: 566766194}
  m_GameObject: {fileID: 295317357}
  serializedVersion: 2
  m_Mass: 1
  m_Drag: 0
  m_AngularDrag: .0500000007
  m_UseGravity: 1
  m_IsKinematic: 0
  m_Interpolate: 0
  m_Constraints: 0
  m_CollisionDetection: 0
--- !u!1 &383715094
GameObject:
  m_ObjectHideFlags: 0
  m_PrefabParentObject: {fileID: 100000, guid: 3e1947c7363404b498a4d21737853b34, type: 2}
  m_PrefabInternal: {fileID: 864948300}
  serializedVersion: 4
  m_Component:
  - 4: {fileID: 383715099}
  - 33: {fileID: 383715098}
  - 136: {fileID: 383715097}
  - 23: {fileID: 383715096}
  - 114: {fileID: 383715095}
  - 54: {fileID: 383715100}
  m_Layer: 0
  m_Name: Barrel
  m_TagString: Untagged
  m_Icon: {fileID: 0}
  m_NavMeshLayer: 0
  m_StaticEditorFlags: 0
  m_IsActive: 1
--- !u!114 &383715095
MonoBehaviour:
  m_ObjectHideFlags: 0
  m_PrefabParentObject: {fileID: 11400000, guid: 3e1947c7363404b498a4d21737853b34,
    type: 2}
  m_PrefabInternal: {fileID: 864948300}
  m_GameObject: {fileID: 383715094}
  m_Enabled: 1
  m_EditorHideFlags: 0
  m_Script: {fileID: 11500000, guid: 74b0de9219071fd4b9fe058b0945b145, type: 3}
  m_Name: 
  m_EditorClassIdentifier: 
--- !u!23 &383715096
Renderer:
  m_ObjectHideFlags: 0
  m_PrefabParentObject: {fileID: 2300000, guid: 3e1947c7363404b498a4d21737853b34,
    type: 2}
  m_PrefabInternal: {fileID: 864948300}
  m_GameObject: {fileID: 383715094}
  m_Enabled: 1
  m_CastShadows: 1
  m_ReceiveShadows: 1
  m_LightmapIndex: 255
  m_LightmapTilingOffset: {x: 1, y: 1, z: 0, w: 0}
  m_Materials:
  - {fileID: 10302, guid: 0000000000000000f000000000000000, type: 0}
  m_SubsetIndices: 
  m_StaticBatchRoot: {fileID: 0}
  m_UseLightProbes: 0
  m_LightProbeAnchor: {fileID: 0}
  m_ScaleInLightmap: 1
  m_SortingLayerID: 0
  m_SortingOrder: 0
--- !u!136 &383715097
CapsuleCollider:
  m_ObjectHideFlags: 0
  m_PrefabParentObject: {fileID: 13600000, guid: 3e1947c7363404b498a4d21737853b34,
    type: 2}
  m_PrefabInternal: {fileID: 864948300}
  m_GameObject: {fileID: 383715094}
  m_Material: {fileID: 0}
  m_IsTrigger: 0
  m_Enabled: 1
  m_Radius: .5
  m_Height: 2
  m_Direction: 1
  m_Center: {x: 0, y: 0, z: 0}
--- !u!33 &383715098
MeshFilter:
  m_ObjectHideFlags: 0
  m_PrefabParentObject: {fileID: 3300000, guid: 3e1947c7363404b498a4d21737853b34,
    type: 2}
  m_PrefabInternal: {fileID: 864948300}
  m_GameObject: {fileID: 383715094}
  m_Mesh: {fileID: 10206, guid: 0000000000000000e000000000000000, type: 0}
--- !u!4 &383715099
Transform:
  m_ObjectHideFlags: 0
  m_PrefabParentObject: {fileID: 400000, guid: 3e1947c7363404b498a4d21737853b34, type: 2}
  m_PrefabInternal: {fileID: 864948300}
  m_GameObject: {fileID: 383715094}
  m_LocalRotation: {x: 0, y: 0, z: 0, w: 1}
  m_LocalPosition: {x: 3.4539001, y: 1, z: 4.37360001}
  m_LocalScale: {x: 1, y: 1, z: 1}
  m_Children: []
  m_Father: {fileID: 0}
  m_RootOrder: 9
--- !u!54 &383715100
Rigidbody:
  m_ObjectHideFlags: 0
  m_PrefabParentObject: {fileID: 5400000, guid: 3e1947c7363404b498a4d21737853b34,
    type: 2}
  m_PrefabInternal: {fileID: 864948300}
  m_GameObject: {fileID: 383715094}
  serializedVersion: 2
  m_Mass: 1
  m_Drag: 0
  m_AngularDrag: .0500000007
  m_UseGravity: 1
  m_IsKinematic: 0
  m_Interpolate: 0
  m_Constraints: 0
  m_CollisionDetection: 0
--- !u!1 &476718742
GameObject:
  m_ObjectHideFlags: 0
  m_PrefabParentObject: {fileID: 0}
  m_PrefabInternal: {fileID: 0}
  serializedVersion: 4
  m_Component:
  - 4: {fileID: 476718746}
  - 33: {fileID: 476718745}
  - 65: {fileID: 476718744}
  - 23: {fileID: 476718743}
  m_Layer: 0
  m_Name: Obstacle
  m_TagString: Untagged
  m_Icon: {fileID: 0}
  m_NavMeshLayer: 0
  m_StaticEditorFlags: 0
  m_IsActive: 1
--- !u!23 &476718743
Renderer:
  m_ObjectHideFlags: 0
  m_PrefabParentObject: {fileID: 0}
  m_PrefabInternal: {fileID: 0}
  m_GameObject: {fileID: 476718742}
  m_Enabled: 1
  m_CastShadows: 1
  m_ReceiveShadows: 1
  m_LightmapIndex: 255
  m_LightmapTilingOffset: {x: 1, y: 1, z: 0, w: 0}
  m_Materials:
  - {fileID: 2100000, guid: 294227920039fb54abe4895d649af5d9, type: 2}
  m_SubsetIndices: 
  m_StaticBatchRoot: {fileID: 0}
  m_UseLightProbes: 0
  m_LightProbeAnchor: {fileID: 0}
  m_ScaleInLightmap: 1
  m_SortingLayerID: 0
  m_SortingOrder: 0
--- !u!65 &476718744
BoxCollider:
  m_ObjectHideFlags: 0
  m_PrefabParentObject: {fileID: 0}
  m_PrefabInternal: {fileID: 0}
  m_GameObject: {fileID: 476718742}
  m_Material: {fileID: 0}
  m_IsTrigger: 0
  m_Enabled: 1
  serializedVersion: 2
  m_Size: {x: 1, y: 1, z: 1}
  m_Center: {x: 0, y: 0, z: 0}
--- !u!33 &476718745
MeshFilter:
  m_ObjectHideFlags: 0
  m_PrefabParentObject: {fileID: 0}
  m_PrefabInternal: {fileID: 0}
  m_GameObject: {fileID: 476718742}
  m_Mesh: {fileID: 10202, guid: 0000000000000000e000000000000000, type: 0}
--- !u!4 &476718746
Transform:
  m_ObjectHideFlags: 0
  m_PrefabParentObject: {fileID: 0}
  m_PrefabInternal: {fileID: 0}
  m_GameObject: {fileID: 476718742}
  m_LocalRotation: {x: 0, y: 0, z: 0, w: 1}
  m_LocalPosition: {x: 2, y: 2, z: 9.1157999}
  m_LocalScale: {x: 4, y: 4, z: 4}
  m_Children: []
  m_Father: {fileID: 0}
  m_RootOrder: 2
--- !u!1001 &490683909
Prefab:
  m_ObjectHideFlags: 0
  serializedVersion: 2
  m_Modification:
    m_TransformParent: {fileID: 0}
    m_Modifications:
    - target: {fileID: 400000, guid: 3e1947c7363404b498a4d21737853b34, type: 2}
      propertyPath: m_LocalPosition.x
      value: 5.74870014
      objectReference: {fileID: 0}
    - target: {fileID: 400000, guid: 3e1947c7363404b498a4d21737853b34, type: 2}
      propertyPath: m_LocalPosition.y
      value: 1
      objectReference: {fileID: 0}
    - target: {fileID: 400000, guid: 3e1947c7363404b498a4d21737853b34, type: 2}
      propertyPath: m_LocalPosition.z
      value: 2.34109998
      objectReference: {fileID: 0}
    - target: {fileID: 400000, guid: 3e1947c7363404b498a4d21737853b34, type: 2}
      propertyPath: m_LocalRotation.x
      value: 0
      objectReference: {fileID: 0}
    - target: {fileID: 400000, guid: 3e1947c7363404b498a4d21737853b34, type: 2}
      propertyPath: m_LocalRotation.y
      value: 0
      objectReference: {fileID: 0}
    - target: {fileID: 400000, guid: 3e1947c7363404b498a4d21737853b34, type: 2}
      propertyPath: m_LocalRotation.z
      value: 0
      objectReference: {fileID: 0}
    - target: {fileID: 400000, guid: 3e1947c7363404b498a4d21737853b34, type: 2}
      propertyPath: m_LocalRotation.w
      value: 1
      objectReference: {fileID: 0}
    - target: {fileID: 400000, guid: 3e1947c7363404b498a4d21737853b34, type: 2}
      propertyPath: m_RootMapOrder
      value: 
      objectReference: {fileID: 0}
    - target: {fileID: 400000, guid: 3e1947c7363404b498a4d21737853b34, type: 2}
      propertyPath: m_RootOrder
      value: 11
      objectReference: {fileID: 0}
    m_RemovedComponents: []
    m_DeprecatedTransformRoot: {fileID: 0}
    m_DeprecatedTransformMap: {}
    m_DeprecatedTransformComplete: 1
  m_ParentPrefab: {fileID: 100100000, guid: 3e1947c7363404b498a4d21737853b34, type: 2}
  m_RootGameObject: {fileID: 1948825566}
  m_IsPrefabParent: 0
  m_IsExploded: 1
--- !u!1 &540932851
GameObject:
  m_ObjectHideFlags: 0
  m_PrefabParentObject: {fileID: 100000, guid: 3e1947c7363404b498a4d21737853b34, type: 2}
  m_PrefabInternal: {fileID: 1172569053}
  serializedVersion: 4
  m_Component:
  - 4: {fileID: 540932856}
  - 33: {fileID: 540932855}
  - 136: {fileID: 540932854}
  - 23: {fileID: 540932853}
  - 114: {fileID: 540932852}
  - 54: {fileID: 540932857}
  m_Layer: 0
  m_Name: Barrel
  m_TagString: Untagged
  m_Icon: {fileID: 0}
  m_NavMeshLayer: 0
  m_StaticEditorFlags: 0
  m_IsActive: 1
--- !u!114 &540932852
MonoBehaviour:
  m_ObjectHideFlags: 0
  m_PrefabParentObject: {fileID: 11400000, guid: 3e1947c7363404b498a4d21737853b34,
    type: 2}
  m_PrefabInternal: {fileID: 1172569053}
  m_GameObject: {fileID: 540932851}
  m_Enabled: 1
  m_EditorHideFlags: 0
  m_Script: {fileID: 11500000, guid: 74b0de9219071fd4b9fe058b0945b145, type: 3}
  m_Name: 
  m_EditorClassIdentifier: 
--- !u!23 &540932853
Renderer:
  m_ObjectHideFlags: 0
  m_PrefabParentObject: {fileID: 2300000, guid: 3e1947c7363404b498a4d21737853b34,
    type: 2}
  m_PrefabInternal: {fileID: 1172569053}
  m_GameObject: {fileID: 540932851}
  m_Enabled: 1
  m_CastShadows: 1
  m_ReceiveShadows: 1
  m_LightmapIndex: 255
  m_LightmapTilingOffset: {x: 1, y: 1, z: 0, w: 0}
  m_Materials:
  - {fileID: 10302, guid: 0000000000000000f000000000000000, type: 0}
  m_SubsetIndices: 
  m_StaticBatchRoot: {fileID: 0}
  m_UseLightProbes: 0
  m_LightProbeAnchor: {fileID: 0}
  m_ScaleInLightmap: 1
  m_SortingLayerID: 0
  m_SortingOrder: 0
--- !u!136 &540932854
CapsuleCollider:
  m_ObjectHideFlags: 0
  m_PrefabParentObject: {fileID: 13600000, guid: 3e1947c7363404b498a4d21737853b34,
    type: 2}
  m_PrefabInternal: {fileID: 1172569053}
  m_GameObject: {fileID: 540932851}
  m_Material: {fileID: 0}
  m_IsTrigger: 0
  m_Enabled: 1
  m_Radius: .5
  m_Height: 2
  m_Direction: 1
  m_Center: {x: 0, y: 0, z: 0}
--- !u!33 &540932855
MeshFilter:
  m_ObjectHideFlags: 0
  m_PrefabParentObject: {fileID: 3300000, guid: 3e1947c7363404b498a4d21737853b34,
    type: 2}
  m_PrefabInternal: {fileID: 1172569053}
  m_GameObject: {fileID: 540932851}
  m_Mesh: {fileID: 10206, guid: 0000000000000000e000000000000000, type: 0}
--- !u!4 &540932856
Transform:
  m_ObjectHideFlags: 0
  m_PrefabParentObject: {fileID: 400000, guid: 3e1947c7363404b498a4d21737853b34, type: 2}
  m_PrefabInternal: {fileID: 1172569053}
  m_GameObject: {fileID: 540932851}
  m_LocalRotation: {x: 0, y: 0, z: 0, w: 1}
  m_LocalPosition: {x: -.0342650004, y: 1, z: -3.12840009}
  m_LocalScale: {x: 1, y: 1, z: 1}
  m_Children: []
  m_Father: {fileID: 0}
  m_RootOrder: 6
--- !u!54 &540932857
Rigidbody:
  m_ObjectHideFlags: 0
  m_PrefabParentObject: {fileID: 5400000, guid: 3e1947c7363404b498a4d21737853b34,
    type: 2}
  m_PrefabInternal: {fileID: 1172569053}
  m_GameObject: {fileID: 540932851}
  serializedVersion: 2
  m_Mass: 1
  m_Drag: 0
  m_AngularDrag: .0500000007
  m_UseGravity: 1
  m_IsKinematic: 0
  m_Interpolate: 0
  m_Constraints: 0
  m_CollisionDetection: 0
--- !u!1 &543309383
GameObject:
  m_ObjectHideFlags: 0
  m_PrefabParentObject: {fileID: 100006, guid: 3c9f9bcbfcf82ba47b852538099a2c03, type: 2}
  m_PrefabInternal: {fileID: 883649590}
  serializedVersion: 4
  m_Component:
  - 4: {fileID: 543309384}
  - 33: {fileID: 543309386}
  - 23: {fileID: 543309385}
  m_Layer: 0
  m_Name: Graphics
  m_TagString: Untagged
  m_Icon: {fileID: 0}
  m_NavMeshLayer: 0
  m_StaticEditorFlags: 0
  m_IsActive: 1
--- !u!4 &543309384
Transform:
  m_ObjectHideFlags: 0
  m_PrefabParentObject: {fileID: 400006, guid: 3c9f9bcbfcf82ba47b852538099a2c03, type: 2}
  m_PrefabInternal: {fileID: 883649590}
  m_GameObject: {fileID: 543309383}
  m_LocalRotation: {x: -0, y: 0, z: 0, w: 1}
  m_LocalPosition: {x: 0, y: 0, z: 0}
  m_LocalScale: {x: .400000006, y: .5, z: .400000006}
  m_Children: []
  m_Father: {fileID: 1074079429}
  m_RootOrder: 0
--- !u!23 &543309385
Renderer:
  m_ObjectHideFlags: 0
  m_PrefabParentObject: {fileID: 2300002, guid: 3c9f9bcbfcf82ba47b852538099a2c03,
    type: 2}
  m_PrefabInternal: {fileID: 883649590}
  m_GameObject: {fileID: 543309383}
  m_Enabled: 1
  m_CastShadows: 0
  m_ReceiveShadows: 0
  m_LightmapIndex: 255
  m_LightmapTilingOffset: {x: 1, y: 1, z: 0, w: 0}
  m_Materials:
  - {fileID: 2100000, guid: 294227920039fb54abe4895d649af5d9, type: 2}
  m_SubsetIndices: 
  m_StaticBatchRoot: {fileID: 0}
  m_UseLightProbes: 0
  m_LightProbeAnchor: {fileID: 0}
  m_ScaleInLightmap: 1
  m_SortingLayerID: 0
  m_SortingOrder: 0
--- !u!33 &543309386
MeshFilter:
  m_ObjectHideFlags: 0
  m_PrefabParentObject: {fileID: 3300002, guid: 3c9f9bcbfcf82ba47b852538099a2c03,
    type: 2}
  m_PrefabInternal: {fileID: 883649590}
  m_GameObject: {fileID: 543309383}
  m_Mesh: {fileID: 10205, guid: 0000000000000000e000000000000000, type: 0}
--- !u!1 &548793642
GameObject:
  m_ObjectHideFlags: 0
  m_PrefabParentObject: {fileID: 0}
  m_PrefabInternal: {fileID: 0}
  serializedVersion: 4
  m_Component:
  - 4: {fileID: 548793646}
  - 33: {fileID: 548793645}
  - 64: {fileID: 548793644}
  - 23: {fileID: 548793643}
  m_Layer: 0
  m_Name: Plane
  m_TagString: Untagged
  m_Icon: {fileID: 0}
  m_NavMeshLayer: 0
  m_StaticEditorFlags: 0
  m_IsActive: 1
--- !u!23 &548793643
Renderer:
  m_ObjectHideFlags: 0
  m_PrefabParentObject: {fileID: 0}
  m_PrefabInternal: {fileID: 0}
  m_GameObject: {fileID: 548793642}
  m_Enabled: 1
  m_CastShadows: 1
  m_ReceiveShadows: 1
  m_LightmapIndex: 255
  m_LightmapTilingOffset: {x: 1, y: 1, z: 0, w: 0}
  m_Materials:
  - {fileID: 10302, guid: 0000000000000000f000000000000000, type: 0}
  m_SubsetIndices: 
  m_StaticBatchRoot: {fileID: 0}
  m_UseLightProbes: 0
  m_LightProbeAnchor: {fileID: 0}
  m_ScaleInLightmap: 1
  m_SortingLayerID: 0
  m_SortingOrder: 0
--- !u!64 &548793644
MeshCollider:
  m_ObjectHideFlags: 0
  m_PrefabParentObject: {fileID: 0}
  m_PrefabInternal: {fileID: 0}
  m_GameObject: {fileID: 548793642}
  m_Material: {fileID: 0}
  m_IsTrigger: 0
  m_Enabled: 1
  serializedVersion: 2
  m_SmoothSphereCollisions: 0
  m_Convex: 0
  m_Mesh: {fileID: 10209, guid: 0000000000000000e000000000000000, type: 0}
--- !u!33 &548793645
MeshFilter:
  m_ObjectHideFlags: 0
  m_PrefabParentObject: {fileID: 0}
  m_PrefabInternal: {fileID: 0}
  m_GameObject: {fileID: 548793642}
  m_Mesh: {fileID: 10209, guid: 0000000000000000e000000000000000, type: 0}
--- !u!4 &548793646
Transform:
  m_ObjectHideFlags: 0
  m_PrefabParentObject: {fileID: 0}
  m_PrefabInternal: {fileID: 0}
  m_GameObject: {fileID: 548793642}
  m_LocalRotation: {x: 0, y: 0, z: 0, w: 1}
  m_LocalPosition: {x: 0, y: 0, z: 0}
  m_LocalScale: {x: 20, y: 1, z: 20}
  m_Children: []
  m_Father: {fileID: 0}
  m_RootOrder: 0
--- !u!1001 &566766194
Prefab:
  m_ObjectHideFlags: 0
  serializedVersion: 2
  m_Modification:
    m_TransformParent: {fileID: 0}
    m_Modifications:
    - target: {fileID: 400000, guid: 3e1947c7363404b498a4d21737853b34, type: 2}
      propertyPath: m_LocalPosition.x
      value: -2.32909989
      objectReference: {fileID: 0}
    - target: {fileID: 400000, guid: 3e1947c7363404b498a4d21737853b34, type: 2}
      propertyPath: m_LocalPosition.y
      value: 1
      objectReference: {fileID: 0}
    - target: {fileID: 400000, guid: 3e1947c7363404b498a4d21737853b34, type: 2}
      propertyPath: m_LocalPosition.z
      value: -3.12840009
      objectReference: {fileID: 0}
    - target: {fileID: 400000, guid: 3e1947c7363404b498a4d21737853b34, type: 2}
      propertyPath: m_LocalRotation.x
      value: 0
      objectReference: {fileID: 0}
    - target: {fileID: 400000, guid: 3e1947c7363404b498a4d21737853b34, type: 2}
      propertyPath: m_LocalRotation.y
      value: 0
      objectReference: {fileID: 0}
    - target: {fileID: 400000, guid: 3e1947c7363404b498a4d21737853b34, type: 2}
      propertyPath: m_LocalRotation.z
      value: 0
      objectReference: {fileID: 0}
    - target: {fileID: 400000, guid: 3e1947c7363404b498a4d21737853b34, type: 2}
      propertyPath: m_LocalRotation.w
      value: 1
      objectReference: {fileID: 0}
    - target: {fileID: 400000, guid: 3e1947c7363404b498a4d21737853b34, type: 2}
      propertyPath: m_RootMapOrder
      value: 
      objectReference: {fileID: 0}
    - target: {fileID: 400000, guid: 3e1947c7363404b498a4d21737853b34, type: 2}
      propertyPath: m_RootOrder
      value: 10
      objectReference: {fileID: 0}
    m_RemovedComponents: []
    m_DeprecatedTransformRoot: {fileID: 0}
    m_DeprecatedTransformMap: {}
    m_DeprecatedTransformComplete: 1
  m_ParentPrefab: {fileID: 100100000, guid: 3e1947c7363404b498a4d21737853b34, type: 2}
  m_RootGameObject: {fileID: 295317357}
  m_IsPrefabParent: 0
  m_IsExploded: 1
--- !u!1 &776968085
GameObject:
  m_ObjectHideFlags: 0
  m_PrefabParentObject: {fileID: 100000, guid: 3e1947c7363404b498a4d21737853b34, type: 2}
  m_PrefabInternal: {fileID: 1114552772}
  serializedVersion: 4
  m_Component:
  - 4: {fileID: 776968090}
  - 33: {fileID: 776968089}
  - 136: {fileID: 776968088}
  - 23: {fileID: 776968087}
  - 114: {fileID: 776968086}
  - 54: {fileID: 776968091}
  m_Layer: 0
  m_Name: Barrel
  m_TagString: Untagged
  m_Icon: {fileID: 0}
  m_NavMeshLayer: 0
  m_StaticEditorFlags: 0
  m_IsActive: 1
--- !u!114 &776968086
MonoBehaviour:
  m_ObjectHideFlags: 0
  m_PrefabParentObject: {fileID: 11400000, guid: 3e1947c7363404b498a4d21737853b34,
    type: 2}
  m_PrefabInternal: {fileID: 1114552772}
  m_GameObject: {fileID: 776968085}
  m_Enabled: 1
  m_EditorHideFlags: 0
  m_Script: {fileID: 11500000, guid: 74b0de9219071fd4b9fe058b0945b145, type: 3}
  m_Name: 
  m_EditorClassIdentifier: 
--- !u!23 &776968087
Renderer:
  m_ObjectHideFlags: 0
  m_PrefabParentObject: {fileID: 2300000, guid: 3e1947c7363404b498a4d21737853b34,
    type: 2}
  m_PrefabInternal: {fileID: 1114552772}
  m_GameObject: {fileID: 776968085}
  m_Enabled: 1
  m_CastShadows: 1
  m_ReceiveShadows: 1
  m_LightmapIndex: 255
  m_LightmapTilingOffset: {x: 1, y: 1, z: 0, w: 0}
  m_Materials:
  - {fileID: 10302, guid: 0000000000000000f000000000000000, type: 0}
  m_SubsetIndices: 
  m_StaticBatchRoot: {fileID: 0}
  m_UseLightProbes: 0
  m_LightProbeAnchor: {fileID: 0}
  m_ScaleInLightmap: 1
  m_SortingLayerID: 0
  m_SortingOrder: 0
--- !u!136 &776968088
CapsuleCollider:
  m_ObjectHideFlags: 0
  m_PrefabParentObject: {fileID: 13600000, guid: 3e1947c7363404b498a4d21737853b34,
    type: 2}
  m_PrefabInternal: {fileID: 1114552772}
  m_GameObject: {fileID: 776968085}
  m_Material: {fileID: 0}
  m_IsTrigger: 0
  m_Enabled: 1
  m_Radius: .5
  m_Height: 2
  m_Direction: 1
  m_Center: {x: 0, y: 0, z: 0}
--- !u!33 &776968089
MeshFilter:
  m_ObjectHideFlags: 0
  m_PrefabParentObject: {fileID: 3300000, guid: 3e1947c7363404b498a4d21737853b34,
    type: 2}
  m_PrefabInternal: {fileID: 1114552772}
  m_GameObject: {fileID: 776968085}
  m_Mesh: {fileID: 10206, guid: 0000000000000000e000000000000000, type: 0}
--- !u!4 &776968090
Transform:
  m_ObjectHideFlags: 0
  m_PrefabParentObject: {fileID: 400000, guid: 3e1947c7363404b498a4d21737853b34, type: 2}
  m_PrefabInternal: {fileID: 1114552772}
  m_GameObject: {fileID: 776968085}
  m_LocalRotation: {x: 0, y: 0, z: 0, w: 1}
  m_LocalPosition: {x: -2.32909989, y: 1, z: -1.09590006}
  m_LocalScale: {x: 1, y: 1, z: 1}
  m_Children: []
  m_Father: {fileID: 0}
  m_RootOrder: 7
--- !u!54 &776968091
Rigidbody:
  m_ObjectHideFlags: 0
  m_PrefabParentObject: {fileID: 5400000, guid: 3e1947c7363404b498a4d21737853b34,
    type: 2}
  m_PrefabInternal: {fileID: 1114552772}
  m_GameObject: {fileID: 776968085}
  serializedVersion: 2
  m_Mass: 1
  m_Drag: 0
  m_AngularDrag: .0500000007
  m_UseGravity: 1
  m_IsKinematic: 0
  m_Interpolate: 0
  m_Constraints: 0
  m_CollisionDetection: 0
--- !u!1001 &864948300
Prefab:
  m_ObjectHideFlags: 0
  serializedVersion: 2
  m_Modification:
    m_TransformParent: {fileID: 0}
    m_Modifications:
    - target: {fileID: 400000, guid: 3e1947c7363404b498a4d21737853b34, type: 2}
      propertyPath: m_LocalPosition.x
      value: 3.4539001
      objectReference: {fileID: 0}
    - target: {fileID: 400000, guid: 3e1947c7363404b498a4d21737853b34, type: 2}
      propertyPath: m_LocalPosition.y
      value: 1
      objectReference: {fileID: 0}
    - target: {fileID: 400000, guid: 3e1947c7363404b498a4d21737853b34, type: 2}
      propertyPath: m_LocalPosition.z
      value: 4.37360001
      objectReference: {fileID: 0}
    - target: {fileID: 400000, guid: 3e1947c7363404b498a4d21737853b34, type: 2}
      propertyPath: m_LocalRotation.x
      value: 0
      objectReference: {fileID: 0}
    - target: {fileID: 400000, guid: 3e1947c7363404b498a4d21737853b34, type: 2}
      propertyPath: m_LocalRotation.y
      value: 0
      objectReference: {fileID: 0}
    - target: {fileID: 400000, guid: 3e1947c7363404b498a4d21737853b34, type: 2}
      propertyPath: m_LocalRotation.z
      value: 0
      objectReference: {fileID: 0}
    - target: {fileID: 400000, guid: 3e1947c7363404b498a4d21737853b34, type: 2}
      propertyPath: m_LocalRotation.w
      value: 1
      objectReference: {fileID: 0}
    - target: {fileID: 400000, guid: 3e1947c7363404b498a4d21737853b34, type: 2}
      propertyPath: m_RootMapOrder
      value: 
      objectReference: {fileID: 0}
    - target: {fileID: 400000, guid: 3e1947c7363404b498a4d21737853b34, type: 2}
      propertyPath: m_RootOrder
      value: 9
      objectReference: {fileID: 0}
    m_RemovedComponents: []
    m_DeprecatedTransformRoot: {fileID: 0}
    m_DeprecatedTransformMap: {}
    m_DeprecatedTransformComplete: 1
  m_ParentPrefab: {fileID: 100100000, guid: 3e1947c7363404b498a4d21737853b34, type: 2}
  m_RootGameObject: {fileID: 383715094}
  m_IsPrefabParent: 0
  m_IsExploded: 1
--- !u!1001 &883649590
Prefab:
  m_ObjectHideFlags: 0
  serializedVersion: 2
  m_Modification:
    m_TransformParent: {fileID: 0}
    m_Modifications:
    - target: {fileID: 400004, guid: 3c9f9bcbfcf82ba47b852538099a2c03, type: 2}
      propertyPath: m_LocalPosition.x
      value: 0
      objectReference: {fileID: 0}
    - target: {fileID: 400004, guid: 3c9f9bcbfcf82ba47b852538099a2c03, type: 2}
      propertyPath: m_LocalPosition.y
      value: 1
      objectReference: {fileID: 0}
    - target: {fileID: 400004, guid: 3c9f9bcbfcf82ba47b852538099a2c03, type: 2}
      propertyPath: m_LocalPosition.z
      value: 0
      objectReference: {fileID: 0}
    - target: {fileID: 400004, guid: 3c9f9bcbfcf82ba47b852538099a2c03, type: 2}
      propertyPath: m_LocalRotation.x
      value: 0
      objectReference: {fileID: 0}
    - target: {fileID: 400004, guid: 3c9f9bcbfcf82ba47b852538099a2c03, type: 2}
      propertyPath: m_LocalRotation.y
      value: 0
      objectReference: {fileID: 0}
    - target: {fileID: 400004, guid: 3c9f9bcbfcf82ba47b852538099a2c03, type: 2}
      propertyPath: m_LocalRotation.z
      value: 0
      objectReference: {fileID: 0}
    - target: {fileID: 400004, guid: 3c9f9bcbfcf82ba47b852538099a2c03, type: 2}
      propertyPath: m_LocalRotation.w
      value: 1
      objectReference: {fileID: 0}
    - target: {fileID: 400004, guid: 3c9f9bcbfcf82ba47b852538099a2c03, type: 2}
      propertyPath: m_RootMapOrder
      value: 
      objectReference: {fileID: 0}
    - target: {fileID: 11400008, guid: 3c9f9bcbfcf82ba47b852538099a2c03, type: 2}
      propertyPath: BulletPrefab
      value: 
      objectReference: {fileID: 100000, guid: 02987d95c8f766241903a6fc751f3777, type: 2}
    - target: {fileID: 400004, guid: 3c9f9bcbfcf82ba47b852538099a2c03, type: 2}
      propertyPath: m_RootOrder
      value: 6
      objectReference: {fileID: 0}
    m_RemovedComponents:
    - {fileID: 6500000, guid: 3c9f9bcbfcf82ba47b852538099a2c03, type: 2}
    m_DeprecatedTransformRoot: {fileID: 0}
    m_DeprecatedTransformMap: {}
    m_DeprecatedTransformComplete: 1
  m_ParentPrefab: {fileID: 100100000, guid: 3c9f9bcbfcf82ba47b852538099a2c03, type: 2}
  m_RootGameObject: {fileID: 1074079424}
  m_IsPrefabParent: 0
  m_IsExploded: 1
--- !u!1 &1074079424
GameObject:
  m_ObjectHideFlags: 0
  m_PrefabParentObject: {fileID: 100004, guid: 3c9f9bcbfcf82ba47b852538099a2c03, type: 2}
  m_PrefabInternal: {fileID: 883649590}
  serializedVersion: 4
  m_Component:
  - 4: {fileID: 1074079429}
  - 143: {fileID: 1074079428}
  - 114: {fileID: 1074079427}
  - 114: {fileID: 1074079426}
  - 114: {fileID: 1074079425}
  m_Layer: 0
  m_Name: Scripted FPS char
  m_TagString: Untagged
  m_Icon: {fileID: 0}
  m_NavMeshLayer: 0
  m_StaticEditorFlags: 0
  m_IsActive: 1
--- !u!114 &1074079425
MonoBehaviour:
  m_ObjectHideFlags: 0
  m_PrefabParentObject: {fileID: 11400002, guid: 3c9f9bcbfcf82ba47b852538099a2c03,
    type: 2}
  m_PrefabInternal: {fileID: 883649590}
  m_GameObject: {fileID: 1074079424}
  m_Enabled: 1
  m_EditorHideFlags: 0
  m_Script: {fileID: 11500000, guid: 60bca8f58a0b8478e946e6e86658cb29, type: 3}
  m_Name: 
  m_EditorClassIdentifier: 
--- !u!114 &1074079426
MonoBehaviour:
  m_ObjectHideFlags: 0
  m_PrefabParentObject: {fileID: 11400004, guid: 3c9f9bcbfcf82ba47b852538099a2c03,
    type: 2}
  m_PrefabInternal: {fileID: 883649590}
  m_GameObject: {fileID: 1074079424}
  m_Enabled: 1
  m_EditorHideFlags: 0
  m_Script: {fileID: 11500000, guid: 0ab79d7f243824f5d9826bd83522c8df, type: 3}
  m_Name: 
  m_EditorClassIdentifier: 
  canControl: 1
  useFixedUpdate: 1
  movement:
    maxForwardSpeed: 6
    maxSidewaysSpeed: 6
    maxBackwardsSpeed: 6
    slopeSpeedMultiplier:
      serializedVersion: 2
      m_Curve:
      - time: -90
        value: 1
        inSlope: 0
        outSlope: 0
        tangentMode: 0
      - time: 0
        value: 1
        inSlope: 0
        outSlope: 0
        tangentMode: 0
      - time: 90
        value: 0
        inSlope: 0
        outSlope: 0
        tangentMode: 0
      m_PreInfinity: 2
      m_PostInfinity: 2
    maxGroundAcceleration: 20
    maxAirAcceleration: 15
    gravity: 20
    maxFallSpeed: 20
  jumping:
    enabled: 1
    baseHeight: 1
    extraHeight: 1
    perpAmount: 0
    steepPerpAmount: .5
  movingPlatform:
    enabled: 1
    movementTransfer: 2
  sliding:
    enabled: 1
    slidingSpeed: 10
    sidewaysControl: 1
    speedControl: .400000006
--- !u!114 &1074079427
MonoBehaviour:
  m_ObjectHideFlags: 0
  m_PrefabParentObject: {fileID: 11400006, guid: 3c9f9bcbfcf82ba47b852538099a2c03,
    type: 2}
  m_PrefabInternal: {fileID: 883649590}
  m_GameObject: {fileID: 1074079424}
  m_Enabled: 1
  m_EditorHideFlags: 0
  m_Script: {fileID: 11500000, guid: 68ec2fe99d1108b9d0006a298d76c639, type: 3}
  m_Name: 
  m_EditorClassIdentifier: 
  axes: 1
  sensitivityX: 15
  sensitivityY: 0
  minimumX: -360
  maximumX: 360
  minimumY: 0
  maximumY: 0
--- !u!143 &1074079428
CharacterController:
  m_ObjectHideFlags: 0
  m_PrefabParentObject: {fileID: 14300000, guid: 3c9f9bcbfcf82ba47b852538099a2c03,
    type: 2}
  m_PrefabInternal: {fileID: 883649590}
  m_GameObject: {fileID: 1074079424}
  serializedVersion: 2
  m_Height: 2
  m_Radius: .400000006
  m_SlopeLimit: 45
  m_StepOffset: .400000006
  m_SkinWidth: .0500000007
  m_MinMoveDistance: 0
  m_Center: {x: 0, y: 0, z: 0}
--- !u!4 &1074079429
Transform:
  m_ObjectHideFlags: 0
  m_PrefabParentObject: {fileID: 400004, guid: 3c9f9bcbfcf82ba47b852538099a2c03, type: 2}
  m_PrefabInternal: {fileID: 883649590}
  m_GameObject: {fileID: 1074079424}
  m_LocalRotation: {x: 0, y: 0, z: 0, w: 1}
  m_LocalPosition: {x: 0, y: 1, z: 0}
  m_LocalScale: {x: 1, y: 1, z: 1}
  m_Children:
  - {fileID: 543309384}
  - {fileID: 1227157006}
  m_Father: {fileID: 0}
  m_RootOrder: 8
--- !u!1001 &1114552772
Prefab:
  m_ObjectHideFlags: 0
  serializedVersion: 2
  m_Modification:
    m_TransformParent: {fileID: 0}
    m_Modifications:
    - target: {fileID: 400000, guid: 3e1947c7363404b498a4d21737853b34, type: 2}
      propertyPath: m_LocalPosition.x
      value: -2.32909989
      objectReference: {fileID: 0}
    - target: {fileID: 400000, guid: 3e1947c7363404b498a4d21737853b34, type: 2}
      propertyPath: m_LocalPosition.y
      value: 1
      objectReference: {fileID: 0}
    - target: {fileID: 400000, guid: 3e1947c7363404b498a4d21737853b34, type: 2}
      propertyPath: m_LocalPosition.z
      value: -1.09590006
      objectReference: {fileID: 0}
    - target: {fileID: 400000, guid: 3e1947c7363404b498a4d21737853b34, type: 2}
      propertyPath: m_LocalRotation.x
      value: 0
      objectReference: {fileID: 0}
    - target: {fileID: 400000, guid: 3e1947c7363404b498a4d21737853b34, type: 2}
      propertyPath: m_LocalRotation.y
      value: 0
      objectReference: {fileID: 0}
    - target: {fileID: 400000, guid: 3e1947c7363404b498a4d21737853b34, type: 2}
      propertyPath: m_LocalRotation.z
      value: 0
      objectReference: {fileID: 0}
    - target: {fileID: 400000, guid: 3e1947c7363404b498a4d21737853b34, type: 2}
      propertyPath: m_LocalRotation.w
      value: 1
      objectReference: {fileID: 0}
    - target: {fileID: 400000, guid: 3e1947c7363404b498a4d21737853b34, type: 2}
      propertyPath: m_RootMapOrder
      value: 
      objectReference: {fileID: 0}
    - target: {fileID: 400000, guid: 3e1947c7363404b498a4d21737853b34, type: 2}
      propertyPath: m_RootOrder
      value: 7
      objectReference: {fileID: 0}
    m_RemovedComponents: []
    m_DeprecatedTransformRoot: {fileID: 0}
    m_DeprecatedTransformMap: {}
    m_DeprecatedTransformComplete: 1
  m_ParentPrefab: {fileID: 100100000, guid: 3e1947c7363404b498a4d21737853b34, type: 2}
  m_RootGameObject: {fileID: 776968085}
  m_IsPrefabParent: 0
  m_IsExploded: 1
--- !u!1 &1168970445
GameObject:
  m_ObjectHideFlags: 0
  m_PrefabParentObject: {fileID: 0}
  m_PrefabInternal: {fileID: 0}
  serializedVersion: 4
  m_Component:
  - 4: {fileID: 1168970449}
  - 33: {fileID: 1168970448}
  - 65: {fileID: 1168970447}
  - 23: {fileID: 1168970446}
  m_Layer: 0
  m_Name: Obstacle
  m_TagString: Untagged
  m_Icon: {fileID: 0}
  m_NavMeshLayer: 0
  m_StaticEditorFlags: 0
  m_IsActive: 1
--- !u!23 &1168970446
Renderer:
  m_ObjectHideFlags: 0
  m_PrefabParentObject: {fileID: 0}
  m_PrefabInternal: {fileID: 0}
  m_GameObject: {fileID: 1168970445}
  m_Enabled: 1
  m_CastShadows: 1
  m_ReceiveShadows: 1
  m_LightmapIndex: 255
  m_LightmapTilingOffset: {x: 1, y: 1, z: 0, w: 0}
  m_Materials:
  - {fileID: 2100000, guid: 294227920039fb54abe4895d649af5d9, type: 2}
  m_SubsetIndices: 
  m_StaticBatchRoot: {fileID: 0}
  m_UseLightProbes: 0
  m_LightProbeAnchor: {fileID: 0}
  m_ScaleInLightmap: 1
  m_SortingLayerID: 0
  m_SortingOrder: 0
--- !u!65 &1168970447
BoxCollider:
  m_ObjectHideFlags: 0
  m_PrefabParentObject: {fileID: 0}
  m_PrefabInternal: {fileID: 0}
  m_GameObject: {fileID: 1168970445}
  m_Material: {fileID: 0}
  m_IsTrigger: 0
  m_Enabled: 1
  serializedVersion: 2
  m_Size: {x: 1, y: 1, z: 1}
  m_Center: {x: 0, y: 0, z: 0}
--- !u!33 &1168970448
MeshFilter:
  m_ObjectHideFlags: 0
  m_PrefabParentObject: {fileID: 0}
  m_PrefabInternal: {fileID: 0}
  m_GameObject: {fileID: 1168970445}
  m_Mesh: {fileID: 10202, guid: 0000000000000000e000000000000000, type: 0}
--- !u!4 &1168970449
Transform:
  m_ObjectHideFlags: 0
  m_PrefabParentObject: {fileID: 0}
  m_PrefabInternal: {fileID: 0}
  m_GameObject: {fileID: 1168970445}
  m_LocalRotation: {x: 0, y: 0, z: 0, w: 1}
  m_LocalPosition: {x: -6.23050022, y: 2, z: -7.36929989}
  m_LocalScale: {x: 15.3932066, y: 4, z: 4}
  m_Children: []
  m_Father: {fileID: 0}
  m_RootOrder: 5
--- !u!1001 &1172569053
Prefab:
  m_ObjectHideFlags: 0
  serializedVersion: 2
  m_Modification:
    m_TransformParent: {fileID: 0}
    m_Modifications:
    - target: {fileID: 400000, guid: 3e1947c7363404b498a4d21737853b34, type: 2}
      propertyPath: m_LocalPosition.x
      value: -.0342650004
      objectReference: {fileID: 0}
    - target: {fileID: 400000, guid: 3e1947c7363404b498a4d21737853b34, type: 2}
      propertyPath: m_LocalPosition.y
      value: 1
      objectReference: {fileID: 0}
    - target: {fileID: 400000, guid: 3e1947c7363404b498a4d21737853b34, type: 2}
      propertyPath: m_LocalPosition.z
      value: -3.12840009
      objectReference: {fileID: 0}
    - target: {fileID: 400000, guid: 3e1947c7363404b498a4d21737853b34, type: 2}
      propertyPath: m_LocalRotation.x
      value: 0
      objectReference: {fileID: 0}
    - target: {fileID: 400000, guid: 3e1947c7363404b498a4d21737853b34, type: 2}
      propertyPath: m_LocalRotation.y
      value: 0
      objectReference: {fileID: 0}
    - target: {fileID: 400000, guid: 3e1947c7363404b498a4d21737853b34, type: 2}
      propertyPath: m_LocalRotation.z
      value: 0
      objectReference: {fileID: 0}
    - target: {fileID: 400000, guid: 3e1947c7363404b498a4d21737853b34, type: 2}
      propertyPath: m_LocalRotation.w
      value: 1
      objectReference: {fileID: 0}
    - target: {fileID: 400000, guid: 3e1947c7363404b498a4d21737853b34, type: 2}
      propertyPath: m_RootMapOrder
      value: 
      objectReference: {fileID: 0}
    - target: {fileID: 400000, guid: 3e1947c7363404b498a4d21737853b34, type: 2}
      propertyPath: m_RootOrder
      value: 6
      objectReference: {fileID: 0}
    m_RemovedComponents: []
    m_DeprecatedTransformRoot: {fileID: 0}
    m_DeprecatedTransformMap: {}
    m_DeprecatedTransformComplete: 1
  m_ParentPrefab: {fileID: 100100000, guid: 3e1947c7363404b498a4d21737853b34, type: 2}
  m_RootGameObject: {fileID: 540932851}
  m_IsPrefabParent: 0
  m_IsExploded: 1
--- !u!1 &1173596325
GameObject:
  m_ObjectHideFlags: 0
  m_PrefabParentObject: {fileID: 0}
  m_PrefabInternal: {fileID: 0}
  serializedVersion: 4
  m_Component:
  - 4: {fileID: 1173596327}
  - 108: {fileID: 1173596326}
  m_Layer: 0
  m_Name: Point light
  m_TagString: Untagged
  m_Icon: {fileID: 0}
  m_NavMeshLayer: 0
  m_StaticEditorFlags: 0
  m_IsActive: 1
--- !u!108 &1173596326
Light:
  m_ObjectHideFlags: 0
  m_PrefabParentObject: {fileID: 0}
  m_PrefabInternal: {fileID: 0}
  m_GameObject: {fileID: 1173596325}
  m_Enabled: 1
  serializedVersion: 3
  m_Type: 1
  m_Color: {r: 1, g: 1, b: 1, a: 1}
  m_Intensity: .569999993
  m_Range: 10
  m_SpotAngle: 30
  m_CookieSize: 10
  m_Shadows:
    m_Type: 2
    m_Resolution: -1
    m_Strength: 1
    m_Bias: .0500000007
    m_Softness: 4
    m_SoftnessFade: 1
  m_Cookie: {fileID: 0}
  m_DrawHalo: 0
  m_ActuallyLightmapped: 0
  m_Flare: {fileID: 0}
  m_RenderMode: 0
  m_CullingMask:
    serializedVersion: 2
    m_Bits: 4294967295
  m_Lightmapping: 1
  m_ShadowSamples: 1
  m_ShadowRadius: 0
  m_ShadowAngle: 0
  m_IndirectIntensity: 1
  m_AreaSize: {x: 1, y: 1}
--- !u!4 &1173596327
Transform:
  m_ObjectHideFlags: 0
  m_PrefabParentObject: {fileID: 0}
  m_PrefabInternal: {fileID: 0}
  m_GameObject: {fileID: 1173596325}
  m_LocalRotation: {x: .707106829, y: 0, z: 0, w: .707106829}
  m_LocalPosition: {x: 24.4160004, y: 24.2719994, z: 8.56110001}
  m_LocalScale: {x: 1, y: 1, z: 1}
  m_Children: []
  m_Father: {fileID: 0}
  m_RootOrder: 1
--- !u!1 &1227157005
GameObject:
  m_ObjectHideFlags: 0
  m_PrefabParentObject: {fileID: 100002, guid: 3c9f9bcbfcf82ba47b852538099a2c03, type: 2}
  m_PrefabInternal: {fileID: 883649590}
  serializedVersion: 4
  m_Component:
  - 4: {fileID: 1227157006}
  - 20: {fileID: 1227157011}
  - 92: {fileID: 1227157010}
  - 124: {fileID: 1227157009}
  - 114: {fileID: 1227157008}
  - 81: {fileID: 1227157007}
  m_Layer: 0
  m_Name: Main Camera
  m_TagString: MainCamera
  m_Icon: {fileID: 0}
  m_NavMeshLayer: 0
  m_StaticEditorFlags: 0
  m_IsActive: 1
--- !u!4 &1227157006
Transform:
  m_ObjectHideFlags: 0
  m_PrefabParentObject: {fileID: 400002, guid: 3c9f9bcbfcf82ba47b852538099a2c03, type: 2}
  m_PrefabInternal: {fileID: 883649590}
  m_GameObject: {fileID: 1227157005}
  m_LocalRotation: {x: 0, y: 0, z: 0, w: 1}
  m_LocalPosition: {x: 0, y: .907083511, z: 0}
  m_LocalScale: {x: 1, y: 1, z: 1}
  m_Children:
  - {fileID: 1841741274}
  m_Father: {fileID: 1074079429}
  m_RootOrder: 1
--- !u!81 &1227157007
AudioListener:
  m_ObjectHideFlags: 0
  m_PrefabParentObject: {fileID: 8100000, guid: 3c9f9bcbfcf82ba47b852538099a2c03,
    type: 2}
  m_PrefabInternal: {fileID: 883649590}
  m_GameObject: {fileID: 1227157005}
  m_Enabled: 1
--- !u!114 &1227157008
MonoBehaviour:
  m_ObjectHideFlags: 0
  m_PrefabParentObject: {fileID: 11400000, guid: 3c9f9bcbfcf82ba47b852538099a2c03,
    type: 2}
  m_PrefabInternal: {fileID: 883649590}
  m_GameObject: {fileID: 1227157005}
  m_Enabled: 1
  m_EditorHideFlags: 0
  m_Script: {fileID: 11500000, guid: 68ec2fe99d1108b9d0006a298d76c639, type: 3}
  m_Name: 
  m_EditorClassIdentifier: 
  axes: 2
  sensitivityX: 10
  sensitivityY: 10
  minimumX: 0
  maximumX: 360
  minimumY: -60
  maximumY: 60
--- !u!124 &1227157009
Behaviour:
  m_ObjectHideFlags: 0
  m_PrefabParentObject: {fileID: 12400000, guid: 3c9f9bcbfcf82ba47b852538099a2c03,
    type: 2}
  m_PrefabInternal: {fileID: 883649590}
  m_GameObject: {fileID: 1227157005}
  m_Enabled: 1
--- !u!92 &1227157010
Behaviour:
  m_ObjectHideFlags: 0
  m_PrefabParentObject: {fileID: 9200000, guid: 3c9f9bcbfcf82ba47b852538099a2c03,
    type: 2}
  m_PrefabInternal: {fileID: 883649590}
  m_GameObject: {fileID: 1227157005}
  m_Enabled: 1
--- !u!20 &1227157011
Camera:
  m_ObjectHideFlags: 0
  m_PrefabParentObject: {fileID: 2000000, guid: 3c9f9bcbfcf82ba47b852538099a2c03,
    type: 2}
  m_PrefabInternal: {fileID: 883649590}
  m_GameObject: {fileID: 1227157005}
  m_Enabled: 1
  serializedVersion: 2
  m_ClearFlags: 1
  m_BackGroundColor: {r: .19166474, g: .301966369, b: .474509805, a: 1}
  m_NormalizedViewPortRect:
    serializedVersion: 2
    x: 0
    y: 0
    width: 1
    height: 1
  near clip plane: .300000012
  far clip plane: 1000
  field of view: 60
  orthographic: 0
  orthographic size: 100
  m_Depth: 0
  m_CullingMask:
    serializedVersion: 2
    m_Bits: 4294967295
  m_RenderingPath: -1
  m_TargetTexture: {fileID: 0}
  m_TargetDisplay: 0
  m_HDR: 0
  m_OcclusionCulling: 1
  m_StereoConvergence: 10
  m_StereoSeparation: .0219999999
--- !u!1 &1312076692
GameObject:
  m_ObjectHideFlags: 0
  m_PrefabParentObject: {fileID: 100000, guid: 3e1947c7363404b498a4d21737853b34, type: 2}
  m_PrefabInternal: {fileID: 111970100}
  serializedVersion: 4
  m_Component:
  - 4: {fileID: 1312076697}
  - 33: {fileID: 1312076696}
  - 136: {fileID: 1312076695}
  - 23: {fileID: 1312076694}
  - 114: {fileID: 1312076693}
  - 54: {fileID: 1312076698}
  m_Layer: 0
  m_Name: Barrel
  m_TagString: Untagged
  m_Icon: {fileID: 0}
  m_NavMeshLayer: 0
  m_StaticEditorFlags: 0
  m_IsActive: 1
--- !u!114 &1312076693
MonoBehaviour:
  m_ObjectHideFlags: 0
  m_PrefabParentObject: {fileID: 11400000, guid: 3e1947c7363404b498a4d21737853b34,
    type: 2}
  m_PrefabInternal: {fileID: 111970100}
  m_GameObject: {fileID: 1312076692}
  m_Enabled: 1
  m_EditorHideFlags: 0
  m_Script: {fileID: 11500000, guid: 74b0de9219071fd4b9fe058b0945b145, type: 3}
  m_Name: 
  m_EditorClassIdentifier: 
--- !u!23 &1312076694
Renderer:
  m_ObjectHideFlags: 0
  m_PrefabParentObject: {fileID: 2300000, guid: 3e1947c7363404b498a4d21737853b34,
    type: 2}
  m_PrefabInternal: {fileID: 111970100}
  m_GameObject: {fileID: 1312076692}
  m_Enabled: 1
  m_CastShadows: 1
  m_ReceiveShadows: 1
  m_LightmapIndex: 255
  m_LightmapTilingOffset: {x: 1, y: 1, z: 0, w: 0}
  m_Materials:
  - {fileID: 10302, guid: 0000000000000000f000000000000000, type: 0}
  m_SubsetIndices: 
  m_StaticBatchRoot: {fileID: 0}
  m_UseLightProbes: 0
  m_LightProbeAnchor: {fileID: 0}
  m_ScaleInLightmap: 1
  m_SortingLayerID: 0
  m_SortingOrder: 0
--- !u!136 &1312076695
CapsuleCollider:
  m_ObjectHideFlags: 0
  m_PrefabParentObject: {fileID: 13600000, guid: 3e1947c7363404b498a4d21737853b34,
    type: 2}
  m_PrefabInternal: {fileID: 111970100}
  m_GameObject: {fileID: 1312076692}
  m_Material: {fileID: 0}
  m_IsTrigger: 0
  m_Enabled: 1
  m_Radius: .5
  m_Height: 2
  m_Direction: 1
  m_Center: {x: 0, y: 0, z: 0}
--- !u!33 &1312076696
MeshFilter:
  m_ObjectHideFlags: 0
  m_PrefabParentObject: {fileID: 3300000, guid: 3e1947c7363404b498a4d21737853b34,
    type: 2}
  m_PrefabInternal: {fileID: 111970100}
  m_GameObject: {fileID: 1312076692}
  m_Mesh: {fileID: 10206, guid: 0000000000000000e000000000000000, type: 0}
--- !u!4 &1312076697
Transform:
  m_ObjectHideFlags: 0
  m_PrefabParentObject: {fileID: 400000, guid: 3e1947c7363404b498a4d21737853b34, type: 2}
  m_PrefabInternal: {fileID: 111970100}
  m_GameObject: {fileID: 1312076692}
  m_LocalRotation: {x: 0, y: 0, z: 0, w: 1}
  m_LocalPosition: {x: 3.4539001, y: 1, z: 2.34109998}
  m_LocalScale: {x: 1, y: 1, z: 1}
  m_Children: []
  m_Father: {fileID: 0}
  m_RootOrder: 12
--- !u!54 &1312076698
Rigidbody:
  m_ObjectHideFlags: 0
  m_PrefabParentObject: {fileID: 5400000, guid: 3e1947c7363404b498a4d21737853b34,
    type: 2}
  m_PrefabInternal: {fileID: 111970100}
  m_GameObject: {fileID: 1312076692}
  serializedVersion: 2
  m_Mass: 1
  m_Drag: 0
  m_AngularDrag: .0500000007
  m_UseGravity: 1
  m_IsKinematic: 0
  m_Interpolate: 0
  m_Constraints: 0
  m_CollisionDetection: 0
--- !u!1 &1841741273
GameObject:
  m_ObjectHideFlags: 0
  m_PrefabParentObject: {fileID: 100000, guid: 3c9f9bcbfcf82ba47b852538099a2c03, type: 2}
  m_PrefabInternal: {fileID: 883649590}
  serializedVersion: 4
  m_Component:
  - 4: {fileID: 1841741274}
  - 33: {fileID: 1841741277}
  - 23: {fileID: 1841741275}
  - 114: {fileID: 1841741278}
  m_Layer: 0
  m_Name: Gun
  m_TagString: Untagged
  m_Icon: {fileID: 0}
  m_NavMeshLayer: 0
  m_StaticEditorFlags: 0
  m_IsActive: 1
--- !u!4 &1841741274
Transform:
  m_ObjectHideFlags: 0
  m_PrefabParentObject: {fileID: 400000, guid: 3c9f9bcbfcf82ba47b852538099a2c03, type: 2}
  m_PrefabInternal: {fileID: 883649590}
  m_GameObject: {fileID: 1841741273}
  m_LocalRotation: {x: 0, y: 0, z: 0, w: 1}
  m_LocalPosition: {x: .37845999, y: -.251659989, z: .591449976}
  m_LocalScale: {x: .200000003, y: .200000003, z: .5}
  m_Children: []
  m_Father: {fileID: 1227157006}
  m_RootOrder: 0
--- !u!23 &1841741275
Renderer:
  m_ObjectHideFlags: 0
  m_PrefabParentObject: {fileID: 2300000, guid: 3c9f9bcbfcf82ba47b852538099a2c03,
    type: 2}
  m_PrefabInternal: {fileID: 883649590}
  m_GameObject: {fileID: 1841741273}
  m_Enabled: 1
  m_CastShadows: 1
  m_ReceiveShadows: 1
  m_LightmapIndex: 255
  m_LightmapTilingOffset: {x: 1, y: 1, z: 0, w: 0}
  m_Materials:
  - {fileID: 2100000, guid: 7d26089668e9d56469b51c4e1831f966, type: 2}
  m_SubsetIndices: 
  m_StaticBatchRoot: {fileID: 0}
  m_UseLightProbes: 0
  m_LightProbeAnchor: {fileID: 0}
  m_ScaleInLightmap: 1
  m_SortingLayerID: 0
  m_SortingOrder: 0
--- !u!33 &1841741277
MeshFilter:
  m_ObjectHideFlags: 0
  m_PrefabParentObject: {fileID: 3300000, guid: 3c9f9bcbfcf82ba47b852538099a2c03,
    type: 2}
  m_PrefabInternal: {fileID: 883649590}
  m_GameObject: {fileID: 1841741273}
  m_Mesh: {fileID: 10202, guid: 0000000000000000e000000000000000, type: 0}
--- !u!114 &1841741278
MonoBehaviour:
  m_ObjectHideFlags: 0
  m_PrefabParentObject: {fileID: 11400008, guid: 3c9f9bcbfcf82ba47b852538099a2c03,
    type: 2}
  m_PrefabInternal: {fileID: 883649590}
  m_GameObject: {fileID: 1841741273}
  m_Enabled: 1
  m_EditorHideFlags: 0
  m_Script: {fileID: 11500000, guid: b5b85c746f15c104a955bb39b12dd5c2, type: 3}
  m_Name: 
  m_EditorClassIdentifier: 
  BulletPrefab: {fileID: 100000, guid: 02987d95c8f766241903a6fc751f3777, type: 2}
  TimeBetweenShots: .5
--- !u!1 &1948825566
GameObject:
  m_ObjectHideFlags: 0
  m_PrefabParentObject: {fileID: 100000, guid: 3e1947c7363404b498a4d21737853b34, type: 2}
  m_PrefabInternal: {fileID: 490683909}
  serializedVersion: 4
  m_Component:
  - 4: {fileID: 1948825571}
  - 33: {fileID: 1948825570}
  - 136: {fileID: 1948825569}
  - 23: {fileID: 1948825568}
  - 114: {fileID: 1948825567}
  - 54: {fileID: 1948825572}
  m_Layer: 0
  m_Name: Barrel
  m_TagString: Untagged
  m_Icon: {fileID: 0}
  m_NavMeshLayer: 0
  m_StaticEditorFlags: 0
  m_IsActive: 1
--- !u!114 &1948825567
MonoBehaviour:
  m_ObjectHideFlags: 0
  m_PrefabParentObject: {fileID: 11400000, guid: 3e1947c7363404b498a4d21737853b34,
    type: 2}
  m_PrefabInternal: {fileID: 490683909}
  m_GameObject: {fileID: 1948825566}
  m_Enabled: 1
  m_EditorHideFlags: 0
  m_Script: {fileID: 11500000, guid: 74b0de9219071fd4b9fe058b0945b145, type: 3}
  m_Name: 
  m_EditorClassIdentifier: 
--- !u!23 &1948825568
Renderer:
  m_ObjectHideFlags: 0
  m_PrefabParentObject: {fileID: 2300000, guid: 3e1947c7363404b498a4d21737853b34,
    type: 2}
  m_PrefabInternal: {fileID: 490683909}
  m_GameObject: {fileID: 1948825566}
  m_Enabled: 1
  m_CastShadows: 1
  m_ReceiveShadows: 1
  m_LightmapIndex: 255
  m_LightmapTilingOffset: {x: 1, y: 1, z: 0, w: 0}
  m_Materials:
  - {fileID: 10302, guid: 0000000000000000f000000000000000, type: 0}
  m_SubsetIndices: 
  m_StaticBatchRoot: {fileID: 0}
  m_UseLightProbes: 0
  m_LightProbeAnchor: {fileID: 0}
  m_ScaleInLightmap: 1
  m_SortingLayerID: 0
  m_SortingOrder: 0
--- !u!136 &1948825569
CapsuleCollider:
  m_ObjectHideFlags: 0
  m_PrefabParentObject: {fileID: 13600000, guid: 3e1947c7363404b498a4d21737853b34,
    type: 2}
  m_PrefabInternal: {fileID: 490683909}
  m_GameObject: {fileID: 1948825566}
  m_Material: {fileID: 0}
  m_IsTrigger: 0
  m_Enabled: 1
  m_Radius: .5
  m_Height: 2
  m_Direction: 1
  m_Center: {x: 0, y: 0, z: 0}
--- !u!33 &1948825570
MeshFilter:
  m_ObjectHideFlags: 0
  m_PrefabParentObject: {fileID: 3300000, guid: 3e1947c7363404b498a4d21737853b34,
    type: 2}
  m_PrefabInternal: {fileID: 490683909}
  m_GameObject: {fileID: 1948825566}
  m_Mesh: {fileID: 10206, guid: 0000000000000000e000000000000000, type: 0}
--- !u!4 &1948825571
Transform:
  m_ObjectHideFlags: 0
  m_PrefabParentObject: {fileID: 400000, guid: 3e1947c7363404b498a4d21737853b34, type: 2}
  m_PrefabInternal: {fileID: 490683909}
  m_GameObject: {fileID: 1948825566}
  m_LocalRotation: {x: 0, y: 0, z: 0, w: 1}
  m_LocalPosition: {x: 5.74870014, y: 1, z: 2.34109998}
  m_LocalScale: {x: 1, y: 1, z: 1}
  m_Children: []
  m_Father: {fileID: 0}
  m_RootOrder: 11
--- !u!54 &1948825572
Rigidbody:
  m_ObjectHideFlags: 0
  m_PrefabParentObject: {fileID: 5400000, guid: 3e1947c7363404b498a4d21737853b34,
    type: 2}
  m_PrefabInternal: {fileID: 490683909}
  m_GameObject: {fileID: 1948825566}
  serializedVersion: 2
  m_Mass: 1
  m_Drag: 0
  m_AngularDrag: .0500000007
  m_UseGravity: 1
  m_IsKinematic: 0
  m_Interpolate: 0
  m_Constraints: 0
  m_CollisionDetection: 0
--- !u!1 &1988007602
GameObject:
  m_ObjectHideFlags: 0
  m_PrefabParentObject: {fileID: 0}
  m_PrefabInternal: {fileID: 0}
  serializedVersion: 4
  m_Component:
  - 4: {fileID: 1988007606}
  - 33: {fileID: 1988007605}
  - 65: {fileID: 1988007604}
  - 23: {fileID: 1988007603}
  m_Layer: 0
  m_Name: Obstacle
  m_TagString: Untagged
  m_Icon: {fileID: 0}
  m_NavMeshLayer: 0
  m_StaticEditorFlags: 0
  m_IsActive: 1
--- !u!23 &1988007603
Renderer:
  m_ObjectHideFlags: 0
  m_PrefabParentObject: {fileID: 0}
  m_PrefabInternal: {fileID: 0}
  m_GameObject: {fileID: 1988007602}
  m_Enabled: 1
  m_CastShadows: 1
  m_ReceiveShadows: 1
  m_LightmapIndex: 255
  m_LightmapTilingOffset: {x: 1, y: 1, z: 0, w: 0}
  m_Materials:
  - {fileID: 2100000, guid: 294227920039fb54abe4895d649af5d9, type: 2}
  m_SubsetIndices: 
  m_StaticBatchRoot: {fileID: 0}
  m_UseLightProbes: 0
  m_LightProbeAnchor: {fileID: 0}
  m_ScaleInLightmap: 1
  m_SortingLayerID: 0
  m_SortingOrder: 0
--- !u!65 &1988007604
BoxCollider:
  m_ObjectHideFlags: 0
  m_PrefabParentObject: {fileID: 0}
  m_PrefabInternal: {fileID: 0}
  m_GameObject: {fileID: 1988007602}
  m_Material: {fileID: 0}
  m_IsTrigger: 0
  m_Enabled: 1
  serializedVersion: 2
  m_Size: {x: 1, y: 1, z: 1}
  m_Center: {x: 0, y: 0, z: 0}
--- !u!33 &1988007605
MeshFilter:
  m_ObjectHideFlags: 0
  m_PrefabParentObject: {fileID: 0}
  m_PrefabInternal: {fileID: 0}
  m_GameObject: {fileID: 1988007602}
  m_Mesh: {fileID: 10202, guid: 0000000000000000e000000000000000, type: 0}
--- !u!4 &1988007606
Transform:
  m_ObjectHideFlags: 0
  m_PrefabParentObject: {fileID: 0}
  m_PrefabInternal: {fileID: 0}
  m_GameObject: {fileID: 1988007602}
  m_LocalRotation: {x: 0, y: 0, z: 0, w: 1}
  m_LocalPosition: {x: -6.23050022, y: 2, z: 2.9382}
  m_LocalScale: {x: 4, y: 4, z: 4}
  m_Children: []
  m_Father: {fileID: 0}
  m_RootOrder: 4
